<?xml version="1.0" encoding="UTF-8"?>
<foxml:digitalObject VERSION="1.1" PID="870970-basis:23645564" xmlns:foxml="info:fedora/fedora-system:def/foxml#" xmlns:xsi="http://www.w3.org/2001/XMLSchema-instance" xsi:schemaLocation="info:fedora/fedora-system:def/foxml# http://www.fedora.info/definitions/1/0/foxml1-1.xsd">
<foxml:objectProperties>
<foxml:property NAME="info:fedora/fedora-system:def/model#state" VALUE="Active"/>
<foxml:property NAME="info:fedora/fedora-system:def/model#label" VALUE="Hive:file:870970_basis_4.xml"/>
<foxml:property NAME="info:fedora/fedora-system:def/model#ownerId" VALUE=""/>
<foxml:property NAME="info:fedora/fedora-system:def/model#createdDate" VALUE="2016-08-26T04:25:18.116Z"/>
<foxml:property NAME="info:fedora/fedora-system:def/view#lastModifiedDate" VALUE="2016-08-26T04:25:20.407Z"/>
</foxml:objectProperties>
<foxml:datastream ID="RELS-SYS" STATE="A" CONTROL_GROUP="X" VERSIONABLE="false">
<foxml:datastreamVersion ID="RELS-SYS.0" LABEL="" CREATED="2016-08-26T04:25:18.776Z" MIMETYPE="application/rdf+xml" SIZE="292">
<foxml:xmlContent>
<rdf:RDF xmlns:rdf="http://www.w3.org/1999/02/22-rdf-syntax-ns#"><rdf:Description rdf:about="info:fedora/870970-basis:23645564"><isMemberOfUnit xmlns="info:fedora/">unit:4</isMemberOfUnit><isPrimaryBibObjectFor xmlns="info:fedora/">unit:4</isPrimaryBibObjectFor></rdf:Description></rdf:RDF>
</foxml:xmlContent>
</foxml:datastreamVersion>
</foxml:datastream>
<foxml:datastream ID="DC" STATE="A" CONTROL_GROUP="X" VERSIONABLE="false">
<foxml:datastreamVersion ID="DC.1" LABEL="" CREATED="2016-08-26T04:25:20.281Z" MIMETYPE="text/xml" SIZE="1090">
<foxml:xmlContent>
<oai_dc:dc xmlns:dc="http://purl.org/dc/elements/1.1/" xmlns:oai_dc="http://www.openarchives.org/OAI/2.0/oai_dc/" xmlns:xsi="http://www.w3.org/2001/XMLSchema-instance" xsi:schemaLocation="http://www.openarchives.org/OAI/2.0/oai_dc/ http://www.openarchives.org/OAI/2.0/oai_dc.xsd"><dc:title>trækopfuglens krønike</dc:title><dc:title>MATCHSTRING:traekopfuglenskroenikenskroenike</dc:title><dc:title>MATCH:traeko</dc:title><dc:creator>haruki murakami</dc:creator><dc:creator>NOBIRTH:haruki murakami</dc:creator><dc:creator>MATCHSTRING:murakamih</dc:creator><dc:subject>magisk realisme</dc:subject><dc:subject>mænd</dc:subject><dc:subject>Japan</dc:subject><dc:subject>1990-1999</dc:subject><dc:publisher>klim</dc:publisher><dc:publisher>MATCHSTRING:klim</dc:publisher><dc:date>2001</dc:date><dc:type>Bog</dc:type><dc:type>WORK:literature</dc:type><dc:identifier>870970-basis:23645564</dc:identifier><dc:identifier>ISBN:8777248570</dc:identifier><dc:identifier>MATCH:ISBN:8777248570</dc:identifier><dc:source>nejimaki-dori kuronikure</dc:source><dc:language>Dansk</dc:language></oai_dc:dc>
</foxml:xmlContent>
</foxml:datastreamVersion>
</foxml:datastream>
<foxml:datastream ID="commonData" STATE="A" CONTROL_GROUP="X" VERSIONABLE="false">
<foxml:datastreamVersion ID="commonData.1" LABEL="" CREATED="2016-08-26T04:25:20.331Z" MIMETYPE="text/xml" SIZE="8385">
<foxml:xmlContent>
<ting:container xmlns:ting="http://www.dbc.dk/ting" xmlns:ac="http://biblstandard.dk/ac/namespace/" xmlns:dc="http://purl.org/dc/elements/1.1/" xmlns:dcterms="http://purl.org/dc/terms/" xmlns:dkabm="http://biblstandard.dk/abm/namespace/dkabm/" xmlns:dkdcplus="http://biblstandard.dk/abm/namespace/dkdcplus/" xmlns:docbook="http://docbook.org/ns/docbook" xmlns:oss="http://oss.dbc.dk/ns/osstypes" xmlns:xsi="http://www.w3.org/2001/XMLSchema-instance">
  <dkabm:record>
    <ac:identifier>23645564|870970</ac:identifier>
    <ac:source>Bibliotekskatalog</ac:source>
    <dc:title>Trækopfuglens krønike</dc:title>
    <dc:title xsi:type="dkdcplus:full">Trækopfuglens krønike</dc:title>
    <dc:creator xsi:type="dkdcplus:aut">Haruki Murakami</dc:creator>
    <dc:creator xsi:type="oss:sort">Murakami, Haruki</dc:creator>
    <dc:subject xsi:type="dkdcplus:DK5-Text">Skønlitteratur</dc:subject>
    <dc:subject xsi:type="dkdcplus:DBCS">magisk realisme</dc:subject>
    <dc:subject xsi:type="dkdcplus:DBCS">mænd</dc:subject>
    <dc:subject xsi:type="dkdcplus:DK5">sk</dc:subject>
    <dcterms:abstract>Først forsvinder Toru Okadas kat, dernæst hans kone Kumiko. Hans søgen efter begge bliver en mystisk, magisk rejse i det japanske samfund og sindets afkroge</dcterms:abstract>
    <dcterms:audience>voksenmaterialer</dcterms:audience>
    <dkdcplus:version>1. udgave, 2. oplag</dkdcplus:version>
    <dc:publisher>Klim</dc:publisher>
    <dc:date>2001</dc:date>
    <dc:type xsi:type="dkdcplus:BibDK-Type">Bog</dc:type>
    <dcterms:extent>635 sider</dcterms:extent>
    <dc:identifier xsi:type="dkdcplus:ISBN">87-7724-857-0</dc:identifier>
    <dc:source>Nejimaki-dori kuronikure</dc:source>
    <dc:language xsi:type="dcterms:ISO639-2">dan</dc:language>
    <dc:language>Dansk</dc:language>
    <dcterms:spatial xsi:type="dkdcplus:DBCS">Japan</dcterms:spatial>
    <dcterms:temporal xsi:type="dkdcplus:DBCP">1990-1999</dcterms:temporal>
  </dkabm:record>
  <marcx:collection xmlns:marcx="info:lc/xmlns/marcxchange-v1">
    <marcx:record format="danMARC2" type="Bibliographic">
      <marcx:leader>00000n    2200000   4500</marcx:leader>
      <marcx:datafield ind1="0" ind2="0" tag="001">
        <marcx:subfield code="a">23645564</marcx:subfield>
        <marcx:subfield code="b">870970</marcx:subfield>
        <marcx:subfield code="c">20030918002048</marcx:subfield>
        <marcx:subfield code="d">20010824</marcx:subfield>
        <marcx:subfield code="f">a</marcx:subfield>
      </marcx:datafield>
      <marcx:datafield ind1="0" ind2="0" tag="004">
        <marcx:subfield code="r">n</marcx:subfield>
        <marcx:subfield code="a">e</marcx:subfield>
      </marcx:datafield>
      <marcx:datafield ind1="0" ind2="0" tag="008">
        <marcx:subfield code="t">m</marcx:subfield>
        <marcx:subfield code="u">r</marcx:subfield>
        <marcx:subfield code="a">2001</marcx:subfield>
        <marcx:subfield code="z">2003</marcx:subfield>
        <marcx:subfield code="b">dk</marcx:subfield>
        <marcx:subfield code="j">f</marcx:subfield>
        <marcx:subfield code="l">dan</marcx:subfield>
        <marcx:subfield code="v">0</marcx:subfield>
      </marcx:datafield>
      <marcx:datafield ind1="0" ind2="0" tag="009">
        <marcx:subfield code="a">a</marcx:subfield>
        <marcx:subfield code="g">xx</marcx:subfield>
      </marcx:datafield>
      <marcx:datafield ind1="0" ind2="0" tag="021">
        <marcx:subfield code="a">87-7724-857-0</marcx:subfield>
        <marcx:subfield code="c">ib.</marcx:subfield>
        <marcx:subfield code="d">kr. 169,95</marcx:subfield>
      </marcx:datafield>
      <marcx:datafield ind1="0" ind2="0" tag="032">
        <marcx:subfield code="a">DBF200338</marcx:subfield>
        <marcx:subfield code="x">SFD200338</marcx:subfield>
        <marcx:subfield code="x">ACC200134</marcx:subfield>
        <marcx:subfield code="x">DAT200140</marcx:subfield>
        <marcx:subfield code="x">ACC200332</marcx:subfield>
      </marcx:datafield>
      <marcx:datafield ind1="0" ind2="0" tag="041">
        <marcx:subfield code="a">dan</marcx:subfield>
        <marcx:subfield code="c">jpn</marcx:subfield>
      </marcx:datafield>
      <marcx:datafield ind1="0" ind2="0" tag="100">
        <marcx:subfield code="a">Murakami</marcx:subfield>
        <marcx:subfield code="h">Haruki</marcx:subfield>
      </marcx:datafield>
      <marcx:datafield ind1="0" ind2="0" tag="241">
        <marcx:subfield code="a">Nejimaki-dori kuronikure</marcx:subfield>
      </marcx:datafield>
      <marcx:datafield ind1="0" ind2="0" tag="245">
        <marcx:subfield code="a">Trækopfuglens krønike</marcx:subfield>
        <marcx:subfield code="e">Haruki Murakami</marcx:subfield>
        <marcx:subfield code="f">oversat af Mette Holm</marcx:subfield>
      </marcx:datafield>
      <marcx:datafield ind1="0" ind2="0" tag="250">
        <marcx:subfield code="a">1. udgave</marcx:subfield>
        <marcx:subfield code="b">÷</marcx:subfield>
        <marcx:subfield code="x">2. oplag</marcx:subfield>
      </marcx:datafield>
      <marcx:datafield ind1="0" ind2="0" tag="260">
        <marcx:subfield code="&amp;">1</marcx:subfield>
        <marcx:subfield code="a">Århus</marcx:subfield>
        <marcx:subfield code="b">Klim</marcx:subfield>
        <marcx:subfield code="c">2003</marcx:subfield>
        <marcx:subfield code="k">tr.i udl.</marcx:subfield>
      </marcx:datafield>
      <marcx:datafield ind1="0" ind2="0" tag="300">
        <marcx:subfield code="a">635 sider</marcx:subfield>
      </marcx:datafield>
      <marcx:datafield ind1="0" ind2="0" tag="504">
        <marcx:subfield code="&amp;">1</marcx:subfield>
        <marcx:subfield code="a">Først forsvinder Toru Okadas kat, dernæst hans kone Kumiko. Hans søgen efter begge bliver en mystisk, magisk rejse i det japanske samfund og sindets afkroge</marcx:subfield>
      </marcx:datafield>
      <marcx:datafield ind1="0" ind2="0" tag="520">
        <marcx:subfield code="a">Tidligere: 1. udgave. 2001</marcx:subfield>
      </marcx:datafield>
      <marcx:datafield ind1="0" ind2="0" tag="521">
        <marcx:subfield code="a">[1. oplag]</marcx:subfield>
        <marcx:subfield code="c">2001</marcx:subfield>
      </marcx:datafield>
      <marcx:datafield ind1="0" ind2="0" tag="521">
        <marcx:subfield code="b">2. oplag</marcx:subfield>
        <marcx:subfield code="c">2003</marcx:subfield>
      </marcx:datafield>
      <marcx:datafield ind1="0" ind2="0" tag="652">
        <marcx:subfield code="n">88.869</marcx:subfield>
        <marcx:subfield code="z">26</marcx:subfield>
      </marcx:datafield>
      <marcx:datafield ind1="0" ind2="0" tag="652">
        <marcx:subfield code="o">sk</marcx:subfield>
      </marcx:datafield>
      <marcx:datafield ind1="0" ind2="0" tag="666">
        <marcx:subfield code="0"></marcx:subfield>
        <marcx:subfield code="s">magisk realisme</marcx:subfield>
      </marcx:datafield>
      <marcx:datafield ind1="0" ind2="0" tag="666">
        <marcx:subfield code="0"></marcx:subfield>
        <marcx:subfield code="s">mænd</marcx:subfield>
      </marcx:datafield>
      <marcx:datafield ind1="0" ind2="0" tag="666">
        <marcx:subfield code="0"></marcx:subfield>
        <marcx:subfield code="q">Japan</marcx:subfield>
      </marcx:datafield>
      <marcx:datafield ind1="0" ind2="0" tag="666">
        <marcx:subfield code="0"></marcx:subfield>
        <marcx:subfield code="i">1990-1999</marcx:subfield>
      </marcx:datafield>
      <marcx:datafield ind1="0" ind2="0" tag="990">
        <marcx:subfield code="a">SFD</marcx:subfield>
        <marcx:subfield code="o">200338</marcx:subfield>
        <marcx:subfield code="c">A</marcx:subfield>
      </marcx:datafield>
      <marcx:datafield ind1="0" ind2="0" tag="996">
        <marcx:subfield code="a">DBC</marcx:subfield>
      </marcx:datafield>
    </marcx:record>
  </marcx:collection>
  <adminData>
    <recordStatus>active</recordStatus>
    <creationDate>2005-03-01</creationDate>
    <libraryType>none</libraryType>
    <indexingAlias>danmarcxchange</indexingAlias>
    <accessType>physical</accessType>
    <genre>fiktion</genre>
    <workType>literature</workType>
    <collectionIdentifier>870970-basis</collectionIdentifier>
  </adminData>
</ting:container>
</foxml:xmlContent>
</foxml:datastreamVersion>
</foxml:datastream>
<foxml:datastream ID="localData.870970-basis" STATE="A" CONTROL_GROUP="X" VERSIONABLE="false">
<foxml:datastreamVersion ID="localData.870970-basis.0" LABEL="" CREATED="2016-08-26T04:25:20.368Z" MIMETYPE="text/xml" SIZE="1902">
<foxml:xmlContent>
<ting:localData xmlns:ting="http://www.dbc.dk/ting" xmlns:marcx="info:lc/xmlns/marcxchange-v1"><marcx:record format="danMARC2" type="BibliographicLocal"><marcx:datafield ind1="0" ind2="0" tag="d08">
        <marcx:subfield code="a">vop-hp</marcx:subfield>
      </marcx:datafield><marcx:datafield ind1="0" ind2="0" tag="d30">
        <marcx:subfield code="n">1</marcx:subfield>
      </marcx:datafield><marcx:datafield ind1="0" ind2="0" tag="d31">
        <marcx:subfield code="b">159</marcx:subfield>
        <marcx:subfield code="h">235</marcx:subfield>
        <marcx:subfield code="t">46</marcx:subfield>
      </marcx:datafield><marcx:datafield ind1="0" ind2="0" tag="d32">
        <marcx:subfield code="b">154</marcx:subfield>
        <marcx:subfield code="h">229</marcx:subfield>
        <marcx:subfield code="t">46</marcx:subfield>
      </marcx:datafield><marcx:datafield ind1="0" ind2="0" tag="d35">
        <marcx:subfield code="a">I</marcx:subfield>
        <marcx:subfield code="i">03</marcx:subfield>
        <marcx:subfield code="n">09</marcx:subfield>
        <marcx:subfield code="p">01</marcx:subfield>
        <marcx:subfield code="q">09</marcx:subfield>
      </marcx:datafield><marcx:datafield ind1="0" ind2="0" tag="d90">
        <marcx:subfield code="a">SFD</marcx:subfield>
        <marcx:subfield code="o">200138</marcx:subfield>
        <marcx:subfield code="b">L</marcx:subfield>
        <marcx:subfield code="c">A</marcx:subfield>
      </marcx:datafield><marcx:datafield ind1="0" ind2="0" tag="n55">
        <marcx:subfield code="a">20050301</marcx:subfield>
      </marcx:datafield><marcx:datafield ind1="0" ind2="0" tag="s12">
        <marcx:subfield code="t">ARTBOG200335</marcx:subfield>
      </marcx:datafield><marcx:datafield ind1="0" ind2="0" tag="z99">
        <marcx:subfield code="a">hp</marcx:subfield>
      </marcx:datafield></marcx:record></ting:localData>
</foxml:xmlContent>
</foxml:datastreamVersion>
</foxml:datastream>
</foxml:digitalObject>